@article {AinsworthParker,
	AUTHOR = {Ainsworth, Mark and Parker, Charles},
	TITLE = {Unlocking the secrets of locking: finite element analysis in
	planar linear elasticity},
	JOURNAL = {Comput. Methods Appl. Mech. Engrg.},
	VOLUME = {395},
	YEAR = {2022},
	PAGES = {Paper No. 115034, 56},
	ISSN = {0045-7825},
}
@article {BabuskaSuri,
	AUTHOR = {Babu\v{s}ka, Ivo and Suri, Manil},
	TITLE = {Locking effects in the finite element approximation of
	elasticity problems},
	JOURNAL = {Numer. Math.},
	VOLUME = {62},
	YEAR = {1992},
	NUMBER = {4},
	PAGES = {439--463},
	ISSN = {0029-599X},
}
@article {Brezzi,
	AUTHOR = {Brezzi, Franco},
	TITLE = {On the existence, uniqueness and approximation of saddle-point
	problems arising from {L}agrangian multipliers},
	JOURNAL = {Rev. Fran\c{c}aise Automat. Informat. Recherche Op\'{e}rationnelle
	S\'{e}r. Rouge},
	VOLUME = {8},
	YEAR = {1974},
	PAGES = {129--151},
}
@book {BBF,
    AUTHOR = {Boffi, Daniele and Brezzi, Franco and Fortin, Michel},
     TITLE = {Mixed finite element methods and applications},
    VOLUME = {44},
 PUBLISHER = {Springer, Heidelberg},
      YEAR = {2013},
      ISBN = {978-3-642-36518-8; 978-3-642-36519-5},
}
@incollection {BBG,
    AUTHOR = {Boffi, Daniele and Brezzi, Franco and Gastaldi, Lucia},
     TITLE = {On the convergence of eigenvalues for mixed formulations},
      NOTE = {Dedicated to Ennio De Giorgi},
   JOURNAL = {Ann. Scuola Norm. Sup. Pisa Cl. Sci. (4)},
    VOLUME = {25},
      YEAR = {1997},
    NUMBER = {1-2},
     PAGES = {131--154 (1998)},
      ISSN = {0391-173X},
}
